
@inproceedings{javaid,
      author =       "Javaid, Ahmad and Niyaz, Quamar and Sun, Weiqing and Alam, Mansoor",
      title =        "A deep learning approach for network intrusion detection system",
      booktitle={Proceedings of the 9th EAI International Conference on Bio-inspired Information and Communications Technologies (formerly BIONETICS)},
    pages={21--26},
     year={2016}
    }
@article{anderson,
  title={Computer security threat monitoring and surveillance, James P},
  author={Anderson, James P},
  journal={Anderson Co., Fort Washington, PA},
  year={1980}
}
@article{sundaram,
  title={An introduction to intrusion detection},
  author={Sundaram, Aurobindo},
  journal={Crossroads},
  volume={2},
  number={4},
  pages={3--7},
  year={1996}
}
@article{kumar,
  title={Signature based intrusion detection system using SNORT},
  author={Kumar, Vinod and Sangwan, Om Prakash},
  journal={International Journal of Computer Applications \& Information Technology},
  volume={1},
  number={3},
  pages={35--41},
  year={2012}
}
@article{Chandola,
author = {Chandola, Varun and Banerjee, Arindam and Kumar, Vipin},
year = {2009},
month = {07},
pages = {},
title = {Anomaly Detection: A Survey},
volume = {41},
journal = {ACM Comput. Surv.},
doi = {10.1145/1541880.1541882}
}

@inproceedings{ja3,
  title={On Reliability of JA3 Hashes for Fingerprinting Mobile Applications},
  author={Matou{\v{s}}ek, Petr and Burgetov{\'a}, Ivana and Ry{\v{s}}av{\`y}, Ond{\v{r}}ej and Victor, Malombe},
  booktitle={International Conference on Digital Forensics and Cyber Crime},
  pages={1--22},
  year={2020},
  organization={Springer}
}
@article{TCP,
  title={The transport layer security (TLS) protocol version 1.2},
  author={Dierks, Tim and Rescorla, Eric},
  year={2008},
  publisher={RFC 5246, August}
}
 @misc{trnav, title={Three-way handshake}, url={http://labyrint.vadkerti.sk/three-way-handshake/}, journal={labyrint}, author={Trnavsk√°, Nina}, year={2021}}
 
 @inproceedings{example,
  title={Network-based HTTPS client identification using SSL/TLS fingerprinting},
  author={Hus{\'a}k, Martin and Cerm{\'a}k, Milan and Jirs{\'\i}k, Tom{\'a} and Celeda, Pavel},
  booktitle={2015 10th international conference on availability, reliability and security},
  pages={389--396},
  year={2015},
  organization={IEEE}
}
 @misc{extension, title={What are TLS extensions?}, url={https://blog.susanka.eu/what-are-tls-extensions/}, journal={On Cryptography and Security}, publisher={On Cryptography and Security}, author={Susanka, Tomas}, year={2017}, month={Sep}} 
 @book{ec,
  title={Guide to elliptic curve cryptography},
  author={Hankerson, Darrel and Menezes, Alfred J and Vanstone, Scott},
  year={2006},
  publisher={Springer Science \& Business Media}
}
 @misc{althouse, title={TLS Fingerprinting with JA3 and JA3S}, url={https://engineering.salesforce.com/tls-fingerprinting-with-ja3-and-ja3s-247362855967}, journal={Medium}, publisher={Salesforce Engineering}, author={Althouse, John}, year={2019}, month={Jan}} 
 
 @article{stolfo,
  title={Cost-based modeling and evaluation for data mining with application to fraud and intrusion detection},
  author={Stolfo, J and Fan, Wei and Lee, Wenke and Prodromidis, Andreas and Chan, Philip K},
  journal={Results from the JAM Project by Salvatore},
  pages={1--15},
  year={2000}
}
@article{ahmed,
  title={A survey of network anomaly detection techniques},
  author={Ahmed, Mohiuddin and Mahmood, Abdun Naser and Hu, Jiankun},
  journal={Journal of Network and Computer Applications},
  volume={60},
  pages={19--31},
  year={2016},
  publisher={Elsevier}
}
@phdthesis{kendall,
  title={A database of computer attacks for the evaluation of intrusion detection systems},
  author={Kendall, Kristopher Kristopher Robert},
  year={1999},
  school={Massachusetts Institute of Technology}
}
@incollection{eskin2002,
  title={A geometric framework for unsupervised anomaly detection},
  author={Eskin, Eleazar and Arnold, Andrew and Prerau, Michael and Portnoy, Leonid and Stolfo, Sal},
  booktitle={Applications of data mining in computer security},
  pages={77--101},
  year={2002},
  publisher={Springer}
}
@inproceedings{kruegel2003,
  title={Bayesian event classification for intrusion detection},
  author={Kruegel, Christopher and Mutz, Darren and Robertson, William and Valeur, Fredrik},
  booktitle={19th Annual Computer Security Applications Conference, 2003. Proceedings.},
  pages={14--23},
  year={2003},
  organization={IEEE}
}
@book{graupe,
  title={Principles of artificial neural networks},
  author={Graupe, Daniel},
  volume={7},
  year={2013},
  publisher={World Scientific}
}
@inproceedings{neuron,
  title={{\'U}vod do te{\'o}rie neur{\'o}nov{\`y}ch siet{\'\i}},
  author={Kvasni{\v{c}}ka, Vladim{\'\i}r and Be{\v{n}}u{\v{s}}kov{\'a}, L'ubica and Posp{\'\i}chal, Ji{\v{r}}{\'\i} and Farka{\v{s}}, Igor and Ti{\v{n}}o, Peter and Kr{\'a}l', Andrej},
  year={1997},
  organization={Iris}
}
@book{otomar,
  title={L{\'e}ka{\v{r}}sk{\'a} fyziologie},
  author={Otomar, Kittnar and others},
  year={2011},
  publisher={Grada Publishing as}
}
 @misc{stanford, title={Convolutional Neural Networks for Visual Recognition}, url={https://cs231n.github.io/neural-networks-1/}, journal={CS231n Convolutional Neural Networks for Visual Recognition}, author={Fei-Fei Li,Ranjay Krishna}}
 
 @article{sharma,
  title={Activation functions in neural networks},
  author={Sharma, Sagar},
  journal={towards data science},
  volume={6},
  year={2017}
}
 @misc{karn, title={A Quick Introduction to Neural Networks}, url={https://ujjwalkarn.me/2016/08/09/quick-intro-neural-networks/}, journal={the data science blog}, author={Karn, Ujjwal}, year={2016}, month={Aug}} 
 @inproceedings{abadi,
  title={Tensorflow: A system for large-scale machine learning},
  author={Abadi, Mart{\'\i}n and Barham, Paul and Chen, Jianmin and Chen, Zhifeng and Davis, Andy and Dean, Jeffrey and Devin, Matthieu and Ghemawat, Sanjay and Irving, Geoffrey and Isard, Michael and others},
  booktitle={12th $\{$USENIX$\}$ symposium on operating systems design and implementation ($\{$OSDI$\}$ 16)},
  pages={265--283},
  year={2016}
}
@inproceedings{cyber,
  title={Cybersecurity},
  author={Kemmerer, Richard A},
  booktitle={25th International Conference on Software Engineering, 2003. Proceedings.},
  pages={705--715},
  year={2003},
  organization={IEEE}
}
@misc{strato,
  author={Garcia S., Valveros V.},
  title = {Stratoshphere Research Laboratory},
  howpublished = {\url{https://www.stratosphereips.org/}},
  note = {Accessed: 2021-04-30}
}